@online{commitment,
  author = {吉村 優},
  title = {ガチャシステムとコミットメントにおける隠蔽と束縛},
  year = 2016,
  url = {http://qiita.com/yyu/items/f172c0cd1e20da09d138},
  urldate = {2017-10-23}
}


@article{AMBAINIS2004398,
  title = "A new protocol and lower bounds for quantum coin flipping",
  journal = "Journal of Computer and System Sciences",
  volume = "68",
  number = "2",
  pages = "398 - 416",
  year = "2004",
  note = "Special Issue on STOC 2001",
  issn = "0022-0000",
  doi = "https://doi.org/10.1016/j.jcss.2003.07.010",
  url = "http://www.sciencedirect.com/science/article/pii/S0022000003001417",
  author = "Andris Ambainis"
}

@article{PhysRevA.80.062321,
  title = {Fair loss-tolerant quantum coin flipping},
  author = {Berl\'{\i}n, Guido and Brassard, Gilles and Bussi\`eres, F\'elix and Godbout, Nicolas},
  journal = {Phys. Rev. A},
  volume = {80},
  issue = {6},
  pages = {062321},
  numpages = {11},
  year = {2009},
  month = {Dec},
  publisher = {American Physical Society},
  doi = {10.1103/PhysRevA.80.062321},
  url = {https://link.aps.org/doi/10.1103/PhysRevA.80.062321}
}
